<record><leader>00000cas a2200000 a 4500</leader><controlfield tag="001">12310097</controlfield><controlfield tag="008">850726d18761uuuiluir ne      0   a0eng c</controlfield><datafield ind1=" " ind2=" " tag="010"><subfield code="a">sn 85038354 </subfield></datafield><datafield ind1=" " ind2=" " tag="040"><subfield code="a">NPY</subfield><subfield code="b">eng</subfield><subfield code="c">NPY</subfield><subfield code="d">NPV</subfield><subfield code="d">NVF</subfield><subfield code="d">OCL</subfield><subfield code="d">NVF</subfield><subfield code="d">OCLCF</subfield><subfield code="d">NVF</subfield><subfield code="d">OCLCO</subfield><subfield code="d">OCL</subfield></datafield><datafield ind1=" " ind2=" " tag="042"><subfield code="a">pcc</subfield></datafield><datafield ind1=" " ind2=" " tag="043"><subfield code="a">n-us-il</subfield></datafield><datafield ind1="0" ind2="0" tag="245"><subfield code="a">Illinois tri-weekly courier.</subfield></datafield><datafield ind1="1" ind2="3" tag="246"><subfield code="a">Tri-weekly Illinois courier</subfield></datafield><datafield ind1="1" ind2="3" tag="246"><subfield code="a">Illinois courier</subfield></datafield><datafield ind1="3" ind2=" " tag="246"><subfield code="a">Illinois tri weekly courier</subfield></datafield><datafield ind1="3" ind2=" " tag="246"><subfield code="a">Tri weekly Illinois courier</subfield></datafield><datafield ind1="3" ind2=" " tag="246"><subfield code="a">Illinois triweekly courier</subfield></datafield><datafield ind1="3" ind2=" " tag="246"><subfield code="a">Triweekly Illinois courier</subfield></datafield><datafield ind1=" " ind2=" " tag="260"><subfield code="a">Jacksonville, Ill. :</subfield><subfield code="b">T.D. Price &amp; Co.</subfield></datafield><datafield ind1="3" ind2=" " tag="260"><subfield code="3">&lt;Aug. 24, 1882-Feb. 27, 1883&gt;</subfield><subfield code="a">Jacksonville, Ill. :</subfield><subfield code="b">Doying &amp; Hinrichsen</subfield></datafield><datafield ind1=" " ind2=" " tag="300"><subfield code="a">v.</subfield></datafield><datafield ind1=" " ind2=" " tag="310"><subfield code="a">Triweekly</subfield></datafield><datafield ind1="1" ind2=" " tag="362"><subfield code="a">Began in 1876?</subfield></datafield><datafield ind1=" " ind2=" " tag="500"><subfield code="a">"Tri-weekly" appears under masthead ornament, &lt;Feb. 13, 1877-June 22, 1878&gt;, and above masthead ornament, &lt;Feb. 3, 1883&gt;.</subfield></datafield><datafield ind1=" " ind2=" " tag="588"><subfield code="a">Description based on: Vol. 1, no. 217 (Feb. 13, 1877).</subfield></datafield><datafield ind1=" " ind2=" " tag="588"><subfield code="a">Latest issue consulted: Vol. 8, no. 85 (Feb. 27, 1883).</subfield></datafield><datafield ind1=" " ind2="0" tag="651"><subfield code="a">Jacksonville (Ill.)</subfield><subfield code="v">Newspapers.</subfield></datafield><datafield ind1=" " ind2="0" tag="651"><subfield code="a">Morgan County (Ill.)</subfield><subfield code="v">Newspapers.</subfield></datafield><datafield ind1=" " ind2="7" tag="651"><subfield code="a">Illinois</subfield><subfield code="z">Morgan County</subfield><subfield code="2">fast</subfield><subfield code="0">(OCoLC)fst01215004</subfield></datafield><datafield ind1=" " ind2="7" tag="651"><subfield code="a">Illinois</subfield><subfield code="z">Jacksonville.</subfield><subfield code="2">fast</subfield><subfield code="0">(OCoLC)fst01214078</subfield></datafield><datafield ind1=" " ind2="7" tag="655"><subfield code="a">Newspapers.</subfield><subfield code="2">fast</subfield><subfield code="0">(OCoLC)fst01423814</subfield></datafield><datafield ind1=" " ind2=" " tag="752"><subfield code="a">United States</subfield><subfield code="b">Illinois</subfield><subfield code="c">Morgan</subfield><subfield code="d">Jacksonville.</subfield></datafield><datafield ind1="0" ind2=" " tag="775"><subfield code="t">Illinois weekly courier</subfield><subfield code="w">(DLC)sn 91054644</subfield><subfield code="w">(OCoLC)24396141</subfield></datafield><datafield ind1="1" ind2=" " tag="029"><subfield code="a">AU@</subfield><subfield code="b">000020383691</subfield></datafield></record>